<record><leader>00000cas a2200000 a 4500</leader><controlfield tag="001">71800790</controlfield><controlfield tag="008">060929d19761980cauwn ne      0   a0eng c</controlfield><datafield ind1=" " ind2=" " tag="010"><subfield code="a">sn2006060135</subfield></datafield><datafield ind1=" " ind2=" " tag="040"><subfield code="a">CNK</subfield><subfield code="b">eng</subfield><subfield code="c">CNK</subfield><subfield code="d">CNK</subfield><subfield code="d">CRU</subfield><subfield code="d">OCLCQ</subfield><subfield code="d">OCLCF</subfield><subfield code="d">OCLCO</subfield></datafield><datafield ind1=" " ind2=" " tag="042"><subfield code="a">pcc</subfield></datafield><datafield ind1=" " ind2=" " tag="043"><subfield code="a">n-us-ca</subfield></datafield><datafield ind1="1" ind2="4" tag="050"><subfield code="a">AN1.C36</subfield><subfield code="b">S2475</subfield></datafield><datafield ind1="0" ind2=" " tag="130"><subfield code="a">San Francisco journal (San Francisco, Calif. : 1976 : English edition)</subfield></datafield><datafield ind1="1" ind2="4" tag="245"><subfield code="a">The San Francisco journal.</subfield></datafield><datafield ind1=" " ind2=" " tag="250"><subfield code="a">English ed.</subfield></datafield><datafield ind1=" " ind2=" " tag="260"><subfield code="a">San Francisco, Calif. :</subfield><subfield code="b">Maurice Chuck</subfield></datafield><datafield ind1=" " ind2=" " tag="310"><subfield code="a">Weekly (except weeks of July 4 and the lunar New Year)</subfield></datafield><datafield ind1="0" ind2=" " tag="362"><subfield code="a">Vol. 1, no. 1 (June 30, 1976)-v. 4, no. 45 (July 30, 1980).</subfield></datafield><datafield ind1=" " ind2=" " tag="500"><subfield code="a">"A perspective on the news: local, national, the third world, Asian America."</subfield></datafield><datafield ind1=" " ind2=" " tag="530"><subfield code="a">Master negatives are available for duplication from:</subfield><subfield code="b">California Newspaper Microfilm Archive;</subfield><subfield code="c">positive copies may be purchased by the reel; for further information consult the CNMA at:</subfield><subfield code="u">http://cbsr.ucr.edu</subfield></datafield><datafield ind1=" " ind2="0" tag="650"><subfield code="a">Asian Americans</subfield><subfield code="z">California</subfield><subfield code="v">Periodicals.</subfield></datafield><datafield ind1=" " ind2="7" tag="655"><subfield code="a">Periodicals.</subfield><subfield code="2">fast</subfield><subfield code="0">(OCoLC)fst01411641</subfield></datafield><datafield ind1=" " ind2="7" tag="650"><subfield code="a">Asian Americans.</subfield><subfield code="2">fast</subfield><subfield code="0">(OCoLC)fst00818620</subfield></datafield><datafield ind1=" " ind2="7" tag="651"><subfield code="a">California.</subfield><subfield code="2">fast</subfield><subfield code="0">(OCoLC)fst01204928</subfield></datafield><datafield ind1="0" ind2=" " tag="775"><subfield code="t">Shi dai bao</subfield><subfield code="w">(DLC)sn 80008951</subfield></datafield></record>